@Misc{std:TAP,
  author =       {Patrick Dowler and Guy Rixon and Doug Tody},
  title =        {Table Access Protocol Version 1.0},
  howpublished = {{IVOA Recommendation}},
  month =        mar,
  year =         2010,
  url =          {http://www.ivoa.net/documents/TAP}
}
@Misc{std:SIAv2,
   author = {Patrick Dowler and Doug Tody and Francois Bonnarel},
   title = {IVOA Simple Image Access, Version 2.0},
   howpublished = {IVOA Recommendation 23 December 2015},
   year = 2015,
   month = dec,
   editor = {Patrick Dowler and Francois Bonnarel},
}
@Misc{std:OBSCORE,
        author={Mireille Louys and Francois Bonnarel and David Schade and 
                Patrick Dowler and Alberto Micol and Daniel Durand and Doug 
Tody 
                and Laurent Michel and Jesus Salgado and Igor Chilingarian 
                and Bruno Rino and Juan de Dios Santander and Petr Skoda},
        editor={Doug Tody and Alberto Micol and Daniel Durand and Mireille 
Louys},
        howpublished={{IVOA Recommendation}},
        title={Observation Data Model Core Components and its Implementation
                in the {Table Access Protocol}, Version 1.0},
        year=2011,
        
url={
http://www.ivoa.net/documents/ObsCore/20111028/REC-ObsCore-v1.0-20111028.pdf}
}
@Misc{std:DataLink,
        author={Patrick Dowler and Francois Bonnarel and Laurent Michel and 
Markus Demleitner},
        editor={Patrick Dowler},
        howpublished={IVOA Recommendation 17 June 2015},
        title={{IVOA} DataLink},
        year=2015,
        month=jun,
        url={http://www.ivoa.net/documents/DataLink/}
}
@Misc{std:SODA,
        author={Francois Bonnarel and Markus Demleitner and Patrick Dowler and
and Doug Tody and James Dempsey},
        editor={Francois Bonnarel and Patrick Dowler},
        howpublished={IVOA Proposed Recommendation 20 September 2016},
        title={{IVOA} Server-side Operations for Data Access},
        year=2016,
        month=sep,
        url={http://www.ivoa.net/documents/SODA/}
}
